@article{docker:2014,
  author = {Merkel, Dirk},
  title = {Docker: Lightweight Linux Containers for Consistent Development and Deployment},
  year = {2014},
  issue_date = {March 2014},
  publisher = {Belltown Media},
  address = {Houston, TX},
  volume = {2014},
  number = {239},
  issn = {1075-3583},
  journal = {Linux J.},
  month = mar,
  articleno = {Article 2},
  numpages = {1}
}

@inproceedings{bilenko2004learnable,
  title={Learnable similarity functions and their applications to clustering and record linkage},
  author={Bilenko, Mikhail},
  year={2004}
}